<record><leader>00000cas a22000007a 4500</leader><controlfield tag="001">11167651</controlfield><controlfield tag="008">840918d18401840inuwr ne      0    0eng d</controlfield><datafield ind1=" " ind2=" " tag="010"><subfield code="a">sn 84037965 </subfield></datafield><datafield ind1=" " ind2=" " tag="040"><subfield code="a">NPX</subfield><subfield code="b">eng</subfield><subfield code="c">NPX</subfield><subfield code="d">NPI</subfield><subfield code="d">DLC</subfield><subfield code="d">OCLCQ</subfield></datafield><datafield ind1=" " ind2=" " tag="042"><subfield code="a">msc</subfield></datafield><datafield ind1="0" ind2="0" tag="050"><subfield code="a">Newspaper 7701-X</subfield></datafield><datafield ind1="0" ind2="0" tag="245"><subfield code="a">Tippecanoe banner and spirit of democracy.</subfield></datafield><datafield ind1="1" ind2="3" tag="246"><subfield code="a">Tippecanoe banner</subfield></datafield><datafield ind1=" " ind2=" " tag="260"><subfield code="a">New Albany, Ind. :</subfield><subfield code="b">Mattingly &amp; Green</subfield></datafield><datafield ind1=" " ind2=" " tag="310"><subfield code="a">Weekly</subfield></datafield><datafield ind1="1" ind2=" " tag="362"><subfield code="a">Began with Apr. 16, 1840 issue; ceased in Nov. 1840.</subfield></datafield><datafield ind1=" " ind2=" " tag="500"><subfield code="a">Published from the office of: New Albany gazette.</subfield></datafield><datafield ind1=" " ind2=" " tag="500"><subfield code="a">"Whig" campaign paper. Cf. Miller, J.W. Ind. newspaper bibliography.</subfield></datafield><datafield ind1=" " ind2=" " tag="588"><subfield code="a">Description based on: No. 17 (Aug. 6, 1840).</subfield></datafield><datafield ind1=" " ind2=" " tag="752"><subfield code="a">United States</subfield><subfield code="b">Indiana</subfield><subfield code="c">Floyd</subfield><subfield code="d">New Albany.</subfield></datafield></record>